22:49:01.950,112.20,925
22:49:07.522,127.60,596
22:49:06.780,137.81,486
22:49:02.941,118.77,998
22:49:04.671,138.33,678
22:49:04.832,135.92,204
22:49:00.025,145.16,545
22:49:05.014,134.24,46
22:49:08.245,133.82,528
22:49:00.077,108.91,814
22:49:00.287,114.14,498
22:49:05.055,106.78,972
22:49:00.396,101.69,617
22:49:03.791,146.23,474
22:49:00.000,134.36,231
22:49:02.169,116.34,218
22:49:02.701,126.57,644
22:49:05.118,110.15,239
22:49:01.729,137.50,559
22:49:04.655,102.23,125
22:49:00.897,131.97,292
22:48:59.416,142.58,365
22:49:04.814,136.82,652
22:49:01.416,101.71,767
22:49:00.857,110.82,822
22:48:59.356,134.03,238
22:49:01.331,143.87,637
22:49:07.965,147.06,312
22:49:08.232,134.86,605
22:49:02.398,142.96,23
22:48:59.324,135.00,446
22:49:02.069,127.45,107
22:49:02.871,144.21,597
22:49:00.972,113.61,171
22:49:00.248,136.73,816
22:49:04.416,131.73,628
22:49:03.140,117.61,175
22:49:08.792,146.40,549
22:49:02.807,101.51,802
22:49:08.220,103.25,359
22:49:05.749,131.92,894
22:49:00.198,107.89,173
22:49:05.931,111.82,774
22:48:59.303,114.54,648
22:49:07.061,109.64,102
22:48:59.152,107.38,297
22:49:04.561,104.19,679
22:49:03.047,121.92,251
22:49:03.927,105.30,540
22:49:03.494,118.04,62
22:49:08.020,106.52,919
22:49:00.969,140.51,740
22:49:07.368,126.88,289
22:49:01.596,111.63,5
22:49:08.587,126.09,586
22:49:01.902,138.47,611
22:49:07.560,100.26,686
22:49:02.398,129.71,56
22:49:00.795,103.28,673
22:49:04.941,105.03,548
22:49:05.288,115.91,622
22:49:03.187,141.77,462
22:49:01.318,137.21,940
22:48:59.488,148.23,871
22:49:02.141,126.52,824
22:49:02.240,103.03,969
22:49:05.198,135.25,514
22:49:03.157,126.44,709
22:49:06.826,134.91,617
22:49:03.742,107.58,28
22:49:01.252,136.57,749
22:49:05.746,119.13,703
22:49:00.442,137.35,92
22:49:05.696,128.59,541
22:48:59.272,130.65,214
22:49:04.928,110.07,599
22:49:03.306,137.12,776
22:49:03.172,110.75,699
22:49:03.139,107.68,212
22:49:08.083,129.96,831
22:49:04.363,138.01,803
22:49:03.843,104.12,629
22:49:04.231,127.23,755
22:49:06.037,133.30,911
22:49:01.686,101.87,32
22:49:05.594,127.85,406
22:49:01.385,147.90,600
22:49:08.206,127.82,296
22:49:05.574,111.03,621
22:49:01.571,139.39,687
22:49:02.619,105.91,736
22:49:06.718,143.33,225
22:49:07.056,147.24,846
22:49:08.543,114.09,387
22:49:07.232,106.71,149
22:49:04.989,116.27,793
22:49:00.737,119.43,770
22:49:02.030,122.26,862
22:48:59.533,113.24,886
22:49:00.644,122.00,344
22:49:07.842,107.51,132
22:49:00.418,106.48,348
22:49:07.501,126.69,531
22:49:08.305,101.65,421
22:49:02.497,115.56,697
22:49:02.223,101.64,212
22:49:06.692,141.44,779
22:49:01.386,142.25,302
22:48:59.906,117.91,668
22:49:03.317,112.12,838
22:49:01.030,138.26,192
22:49:06.626,130.55,568
22:49:07.130,119.28,398
22:49:05.304,141.77,244
22:49:02.433,123.41,662
22:49:07.254,113.41,431
22:49:04.789,147.62,249
22:48:59.333,103.36,268
22:49:03.455,128.63,504
22:49:06.606,132.81,857
22:49:02.266,122.73,413
22:49:08.291,127.98,595
22:48:59.746,113.32,858
22:49:06.443,102.06,818
22:49:05.042,125.39,636
22:49:02.198,130.34,159
22:49:04.341,111.76,771
22:48:59.278,134.70,79
22:49:01.305,105.43,309
22:49:01.761,101.51,399
22:49:00.579,101.69,231
22:49:04.361,146.69,542
22:48:59.658,143.64,775
22:49:08.788,138.44,286
22:49:07.554,116.97,674
22:49:09.000,130.22,762
22:49:05.305,107.68,654
22:49:06.242,120.95,303
22:49:07.654,127.23,308
22:49:02.775,138.21,961
22:49:02.849,121.78,706
22:49:05.063,117.52,850
22:49:00.813,125.23,634
22:49:07.910,127.40,778
22:49:02.987,122.50,238
22:49:08.732,146.44,498
22:49:00.393,123.27,908
22:49:08.480,147.32,531
22:49:01.764,137.53,315
22:49:06.107,135.33,777
22:49:01.139,144.98,707
22:49:05.017,127.89,222
22:49:01.579,145.69,836
22:49:05.280,116.27,933
22:49:04.336,131.26,271
22:49:08.294,149.14,683
22:48:59.317,116.10,636
22:49:07.214,107.09,172
22:49:04.565,133.85,73
22:49:00.388,123.29,774
22:49:02.011,113.76,134
22:49:07.509,119.84,910
22:49:03.056,134.92,359
22:49:08.593,108.83,599
22:49:07.957,130.85,410
22:49:06.823,144.91,888
22:49:05.109,100.08,735
22:49:01.305,112.80,156
22:49:04.800,100.24,433
22:48:59.075,126.96,532
22:49:06.944,141.42,288
22: